0                 01ANZ       VERTEVA                   717245PAYMENT     240620                                        
1546625    763353 130000010000JOHN WICK                                         553533   7373636JOHN WICK       00000000
1546625    763353 130000110548JOHN WICK                                         553533   7373636JOHN WICK       00000000
1553533   7373636 500000120548JOHN WICK                       DE BALANCING      553533   7373636JOHN WICK       00000000
7999-999            000000000000001205480000120548                        000003                                        
